% 引言
% 研究工作的背景和意义
@article{McPherson1987HHG,
	title = {Studies of Multiphoton Production of Vacuum-Ultraviolet Radiation in the Rare Gases},
	author = {McPherson, M. R. and Gibson, G. and Jara, H. and Johann, U. and Luk, T. S. and McIntyre, I. A. and Boyer, K. and Rhodes, C. K.},
	journal = {J. Opt. Soc. Am. B},
	volume = {4},
	issue = {4},
	pages = {595--601},
	year = {1987},
	month = {Apr},
	publisher = {Optica Publishing Group},
	doi = {10.1364/JOSAB.4.000595},
	url = {https://opg.optica.org/josab/abstract.cfm?uri=josab-4-4-595},
}

@article{Corkum1993,
	author  = {P. B. Corkum},
	title   = {Plasma perspective on strong field multiphoton ionization},
	journal = {Phys. Rev. Lett.},
	volume  = {71},
	pages   = {1994},
	year    = {1993},
	month   = {Sep},
	doi     = {10.1103/PhysRevLett.71.1994},
	url     = {https://journals.aps.org/prl/abstract/10.1103/PhysRevLett.71.1994}
}

@article{Xu1996,
	title = {Route to Phase Control of Ultrashort Light Pulses},
	author = {Xu, L. and Spielmann, Ch. and Poppe, A. and Brabec, T. and Krausz, F. and H\"ansch, T. W.},
	journal = {Opt. Lett.},
	volume = {21},
	pages = {2008--2010},
	year = {1996},
	publisher = {Optica Publishing Group},
	doi = {10.1364/OL.21.002008},
	url = {https://opg.optica.org/ol/abstract.cfm?uri=ol-21-24-2008},
}

@article{Baltuska1999,
	title = {Controlling the Carrier-Envelope Phase of Ultrashort Light Pulses with Optical Parametric Amplifiers},
	author = {Baltu{\v s}ka, A. and Wei, Z. and Pshenichnikov, M. S. and Wiersma, D. A.},
	journal = {Science},
	volume = {286},
	number = {5444},
	pages = {1507--1512},
	year = {1999},
	month = {Nov},
	publisher = {American Association for the Advancement of Science},
	doi = {10.1126/science.286.5444.1507},
	url = {https://www.science.org/doi/10.1126/science.286.5444.1507},
}

@article{RevModPhys.72.545,
	title = {Intense few-cycle laser fields: Frontiers of nonlinear optics},
	author = {Brabec, Thomas and Krausz, Ferenc},
	journal = {Rev. Mod. Phys.},
	volume = {72},
	pages = {545},
	year = {2000},
	publisher = {American Physical Society},
	doi = {10.1103/RevModPhys.72.545},
	url = {https://doi.org/10.1103/RevModPhys.72.545},
}

@BOOK{2020fnph,
  author = {{Zee}, A.},
  title = "{Fly by Night Physics. How Physicists Use the Backs of Envelopes}",
  year = {2020},
  url = {https://ui.adsabs.harvard.edu/abs/2020fnph.book.....Z},
  note = {Provided by the SAO/NASA Astrophysics Data System},
  publisher = {PRINCETON UNIVERSITY PRESS},
}

@article{2009BaF,
author = {Freeman Dyson},
title = {Birds and Frogs},
journal = {AMS},
volume = {56},
number = {2},
pages = {212-223},
year = {2009},
URL = {https://www.ams.org/notices/200902/rtx090200212p.pdf},
}


@article{Wang2024Ultrashort,
	author = {Wang, Xiaowei and Xiao, Fan and Wang, Jiacan and Wang, Li and Zhang, Bin and Liu, Jinlei and Zhao, Jing and Zhao, Zengxiu},
	title = {Ultrashort Isolated Attosecond Pulse Generation with 750-nm Free-Carrier Envelope Phase Near-Infrared Pulses},
	journal = {Ultrafast Science},
	volume = {4},
	pages = {0080},
	year = {2024},
	month = {Dec},
	doi = {10.34133/ultrafastscience.0080},
	url = {https://spj.science.org/doi/full/10.34133/ultrafastscience.0080},
}

@article{Jia2016Research,
	author    = {Jia, Zhengmao and Zeng, Zhinan and others},
	title     = {Research progress of the control and measurement of the atomic and molecular ultrafast electron dynamics using two-color field},
	journal   = {Acta Physica Sinica},
	year      = {2016},
	volume    = {65},
	pages     = {223206},
	month     = {Nov},
	doi       = {10.7498/aps.65.223206},
	url       = {https://www.researchgate.net/publication/311640462},
}

@article{Habibovic2024Strong,
	author = {Habibović, D. and Milošević, D. B.},
	title = {Strong-field processes induced by an ultrashort linearly polarized pulse with two carrier frequencies},
	journal = {Phys. Rev. A},
	volume = {109},
	pages = {043110},
	year = {2024},
	month = {Apr},
	doi = {10.1103/PhysRevA.109.043110},
	url = {https://journals.aps.org/pra/abstract/10.1103/PhysRevA.109.043110}
}

@article{孙佳楠2023正交偏振双色场,
	author    = {孙佳楠 and 尹燕奔 and 陈高},
	title     = {利用正交偏振双色场产生孤立阿秒脉冲},
	journal   = {光学学报},
	year      = {2023},
	volume    = {43},
	number    = {13},
	pages     = {222118},
	month     = {7},
	doi       = {10.3788/AOS222118},
	url       = {https://doi.org/10.3788/AOS222118},
	language  = {chinese},
	keywords  = {超快光学; 高次谐波产生; 阿秒脉冲; 正交偏振双色场; 电子轨道}
}

@article{Guo2024Pulsed,
	author = {Guo, Yuchen and Han, Minyi and Chen, Li and Zeng, Xianming and Wang, Peng and Xu, Xinglian and Feng, Xianchao and Lu, Xinqing},
	title = {Pulsed electric field: A novel processing technology for meat quality enhancing},
	journal = {Food Bioscience},
	volume = {58},
	pages = {103645},
	year = {2024},
	month = {Apr},
	doi = {10.1016/j.fbio.2024.103645},
	url = {https://www.sciencedirect.com/science/article/abs/pii/S2212429224000750}
}

% 国内外研究历史与现状
@article{Jin2022Control,
	author = {Jin, Facheng and Yang, Weifeng and Liu, Xiwang and Zhang, Hongdan and Dong, Wenhui and Song, Xiaohong and Chen, Jing},
	title = {Control of photoelectron interference dynamics with two-color laser fields},
	journal = {Phys. Rev. Research},
	volume = {4},
	pages = {013140},
	year = {2022},
	month = {Feb},
	doi = {10.1103/PhysRevResearch.4.013140},
	url = {https://doi.org/10.1103/PhysRevResearch.4.013140}
}
@article{Xie2015TwoDimensional,
	author = {Xie, Xinhua},
	title = {Two-Dimensional Attosecond Electron Wave Packet Interferometry},
	journal = {Phys. Rev. Lett.},
	volume = {114},
	pages = {173003},
	year = {2015},
	doi = {10.1103/PhysRevLett.114.173003},
	url = {https://doi.org/10.1103/PhysRevLett.114.173003},
	archiveprefix = {arXiv},
	eprint = {1412.6421},
	primaryclass = {physics.atom-ph}
}
@article{Geng2015Nonadiabatic,
	author = {Geng, Ji-Wei and Xiong, Wei-Hao and Xiao, Xiang-Ru and Peng, Liang-You and Gong, Qihuang},
	title = {Nonadiabatic Electron Dynamics in Orthogonal Two-Color Laser Fields with Comparable Intensities},
	journal = {Phys. Rev. Lett.},
	volume = {115},
	pages = {193001},
	year = {2015},
	month = {Nov},
	doi = {10.1103/PhysRevLett.115.193001},
	url = {https://doi.org/10.1103/PhysRevLett.115.193001}
}

@article{Taranukhin2004Attosecond,
	author = {Taranukhin, Vladimir D.},
	title = {Attosecond pulse generation by a two-color field},
	journal = {Journal of the Optical Society of America B},
	volume = {21},
	number = {2},
	pages = {419--424},
	year = {2004},
	month = {Feb},
	doi = {10.1364/JOSAB.21.000419},
	url = {https://doi.org/10.1364/JOSAB.21.000419}
}

@article{Huo2023Elliptically,
	author = {Huo, Xiao-Xin and Li, Zi-An and Xing, Yun-He and Wang, Shuang and Zhang, Jun and Liu, Xue-Shen},
	title = {Elliptically polarized high-order harmonics from mixed gases by a combined laser field},
	journal = {Optics Communications},
	volume = {535},
	pages = {129783},
	year = {2023},
	month = {Aug},
	doi = {10.1016/j.optcom.2023.129783},
	url = {https://www.sciencedirect.com/science/article/abs/pii/S0030401823005345}
}

@article{Chen2017Influence,
	author = {Chen, C. and Hernández-García, C. and Tao, Z. and You, W. and Zhang, Y. and Zusin, D. and Gentry, C. and Tengdin, P. and Becker, A. and Jaron-Becker, A. and Kapteyn, H. and Murnane, M.},
	title = {Influence of microscopic and macroscopic effects on attosecond pulse generation using two-color laser fields},
	journal = {Optics Express},
	volume = {25},
	number = {23},
	pages = {28684--28696},
	year = {2017},
	doi = {10.1364/OE.25.028684},
	url = {https://opg.optica.org/oe/viewmedia.cfm?uri=oe-25-23-28684&html=true}
}

@article{Keldysh1965,
	author = {L. V. Keldysh},
	title = {Ionization in the Field of a Strong Electromagnetic Wave},
	journal = {Sov. Phys. JETP},
	volume = {20},
	pages = {1307-1314},
	year = {1965}
}

@article{Arbo2008Coulomb,
	author = {Arbó, Diego G. and Miraglia, Jorge E. and Gravielle, María Silvia and Schiessl, Klaus and Persson, Emil and Burgdörfer, Joachim},
	title = {Coulomb-Volkov approximation for near-threshold ionization by short laser pulses},
	journal = {Phys. Rev. A},
	volume = {77},
	pages = {013401},
	year = {2008},
	month = {Jan},
	doi = {10.1103/PhysRevA.77.013401},
	url = {https://journals.aps.org/pra/abstract/10.1103/PhysRevA.77.013401}
}

@article{Richter2016Ionization,
	author = {Richter, Martin and Kunitski, Maksim and Schöffler, Markus and Jahnke, Till and Schmidt, Lothar Ph.H. and Dörner, Reinhard},
	title = {Ionization in Orthogonal Two-Color Laser Fields - Origin and Phase Dependence of Trajectory-Resolved Coulomb Effects},
	journal = {Phys. Rev. A},
	volume = {94},
	pages = {033416},
	year = {2016},
	month = {Sep},
	doi = {10.1103/PhysRevA.94.033416},
	url = {https://link.aps.org/doi/10.1103/PhysRevA.94.033416},
	archiveprefix = {arXiv},
	eprint = {1604.00781},
	primaryclass = {physics.atom-ph}
}


% 本文的主要贡献与创新
@article{Yu2016Coulomb,
	author = {Yu, ShaoGang and Wang, YanLan and Lai, XuanYang and Huang, YiYi and Quan, Wei and Liu, XiaoJun},
	title = {Coulomb effect on photoelectron momentum distributions in orthogonal two-color laser fields},
	journal = {Phys. Rev. A},
	volume = {94},
	pages = {033418},
	year = {2016},
	month = {Sep},
	doi = {10.1103/PhysRevA.94.033418},
	url = {https://link.aps.org/doi/10.1103/PhysRevA.94.033418},
}

@article{Arbo2011Doubly,
	author = {Arbó, Diego G. and Ishikawa, Kenichi L. and Persson, Emil and Burgdörfer, Joachim},
	title = {Doubly differential diffraction at a time grating in above-threshold ionization: Intracycle and intercycle interferences},
	journal = {Nuclear Instruments and Methods in Physics Research B},
	year = {2011},
	month = {Nov},
	volume = {279-280},
	pages = {24--30},
	doi = {10.1016/j.nimb.2011.11.033},
	url = {https://doi.org/10.1016/j.nimb.2011.11.033},
}

@conference{liuxf2006,
  author = {Liu, X F and Wang, Bing Zhong and Shao, Wei and Wen Wang},
  title = {A marching-on-in-order scheme for exact attenuation constant extraction of lossy transmission lines},
  year = {2006},
  pages = {527-529},
  address = {Chengdu},
  booktitle = {China-Japan Joint Microwave Conference Proceedings}
}

% 理论方法

@BOOK{Bashforth1883,
	author = {Bashforth, Francis},
	title = {An Attempt to test the Theories of Capillary Action by comparing the theoretical and measured forms of drops of fluid. With an explanation of the method of integration employed in constructing the tables which give the theoretical forms of such drops},
	year = {1883},
	address = {Cambridge},
	publisher = {Cambridge University Press}
}

@BOOK{Hairer1993,
	author = {Hairer, Ernst and Nørsett, Syvert Paul and Wanner, Gerhard},
	title = {Solving Ordinary Differential Equations I: Nonstiff Problems},
	edition = {2nd},
	year = {1993},
	address = {Berlin},
	publisher = {Springer Verlag},
	isbn = {978-3-540-56670-0}
}

%  研究和讨论
@article{Arbo2012Doubly,
	author = {Arb\'{o}, Diego G. and Ishikawa, Kenichi L. and Persson, Emil and Burgd\"{o}rfer, Joachim},
	title = {Doubly differential diffraction at a time grating in above-threshold ionization: Intracycle and intercycle interferences},
	journal = {Nuclear Instruments and Methods in Physics Research Section B: Beam Interactions with Materials and Atoms},
	year = {2012},
	volume = {279},
	pages = {24--30},
	doi = {10.1016/j.nimb.2011.10.030},
	url = {https://doi.org/10.1016/j.nimb.2011.10.030},
	note = {Available online 17 November 2011} 
}

@article{Holmegaard2010Photoelectron,
	author = {Holmegaard, Lotte and Hansen, Jonas L. and Kalhøj, Line and Kragh, Sofie Louise and Stapelfeldt, Henrik and Filsinger, Frank and Küpper, Jochen and Meijer, Gerard and Dimitrovski, Darko and Abu-samha, Mahmoud and Martiny, Christian P. J. and Madsen, Lars Bojer},
	title = {Photoelectron angular distributions from strong-field ionization of oriented molecules},
	journal = {Nature Physics},
	year = {2010},
	volume = {6},
	pages = {428--432},
	doi = {10.1038/nphys1666},
	url = {https://doi.org/10.1038/nphys1666},
	note = {Published: 16 May 2010}
}

@article{Wang2020High,
	author = {Wang, Jun and Liu, Aihua and Yuan, Kai-Jun},
	title = {High-order harmonic generation in aligned molecules by combination of weak XUV and intense IR laser pulses},
	journal = {Optics Communications},
	year = {2020},
	volume = {460},
	pages = {125216},
	doi = {10.1016/j.optcom.2019.125216},
	url = {https://doi.org/10.1016/j.optcom.2019.125216},
	note = {Available online 31 December 2019}
}

% 全文总结和展望

@article{Geng2015,
	author    = {Ji-Wei Geng and Wei-Hao Xiong and Xiang-Ru Xiao and Liang-You Peng and Qihuang Gong},
	title     = {Nonadiabatic Electron Dynamics in Orthogonal Two-Color Laser Fields with Comparable Intensities},
	journal   = {Physical Review Letters},
	year      = {2015},
	volume    = {115},
	pages     = {193001},
	month     = {11},
	doi       = {10.1103/PhysRevLett.115.193001},
	url       = {http://www.phy.pku.edu.cn/~lypeng/},
	note      = {*Corresponding author: liangyou.peng@pku.edu.cn},
	issn      = {0031-9007},
}
